@article{perez2015,
  title={Project Jupyter: Computational narratives as the engine of collaborative data science},
  author={Perez, Fernando and Granger, Brian E},
  journal={Retrieved September},
  volume={11},
  pages={207},
  year={2015}
}